<record><leader>00000cas a22000007a 4500</leader><controlfield tag="001">9312059</controlfield><controlfield tag="008">830315d185718uumaumr ne      0    0eng d</controlfield><controlfield tag="009">3768</controlfield><datafield ind1=" " ind2=" " tag="010"><subfield code="a">sn 83020261 </subfield></datafield><datafield ind1=" " ind2=" " tag="040"><subfield code="a">NPX</subfield><subfield code="b">eng</subfield><subfield code="c">NPX</subfield></datafield><datafield ind1="1" ind2=" " tag="029"><subfield code="a">AU@</subfield><subfield code="b">000025789481</subfield></datafield><datafield ind1=" " ind2=" " tag="042"><subfield code="a">msc</subfield></datafield><datafield ind1=" " ind2=" " tag="043"><subfield code="a">n-us-ma</subfield></datafield><datafield ind1="0" ind2="0" tag="245"><subfield code="a">Inkstand and reporter.</subfield></datafield><datafield ind1=" " ind2=" " tag="260"><subfield code="a">Fitchburg [Mass.] :</subfield><subfield code="b">Capt. Sidney,</subfield><subfield code="c">1857-</subfield></datafield><datafield ind1=" " ind2=" " tag="300"><subfield code="a">v. ;</subfield><subfield code="c">38 cm.</subfield></datafield><datafield ind1=" " ind2=" " tag="310"><subfield code="a">Monthly</subfield></datafield><datafield ind1="0" ind2=" " tag="362"><subfield code="a">Vol. 1, no. 3 (May 1857)-</subfield></datafield><datafield ind1=" " ind2=" " tag="500"><subfield code="a">"The pioneer of all the advertizing papers." Cf. Garfield, J.F.D.  Sketch of journalism in Fitchburg, Mass.</subfield></datafield><datafield ind1=" " ind2=" " tag="580"><subfield code="a">Formed by the union of: The Inkstand, and: The Reporter (non-extant?).</subfield></datafield><datafield ind1=" " ind2=" " tag="752"><subfield code="a">United States</subfield><subfield code="b">Massachusetts</subfield><subfield code="c">Worcester</subfield><subfield code="d">Fitchburg.</subfield></datafield><datafield ind1="1" ind2="4" tag="780"><subfield code="t">Inkstand</subfield><subfield code="w">(DLC)sn 83020260</subfield></datafield><datafield ind1="1" ind2="4" tag="780"><subfield code="t">Reporter</subfield></datafield><datafield ind1=" " ind2=" " tag="936"><subfield code="a">1857 Oct.</subfield></datafield></record>